@article{陈建平2010期中分析的条件把握度及样本含量再估计,
  title={期中分析的条件把握度及样本含量再估计},
  author={陈建平 and 魏永越 and 陈峰 and 于浩},
  journal={中国卫生统计},
  number={4},
  pages={3},
  year={2010},
}

@book{陈峰2018临床试验统计学,
  title={临床试验统计学},
  author={陈峰 and 夏结来},
  publisher={人民卫生出版社},
  year={2018},
}

@book{陈峰2015临床试验精选案例统计学解读,
  title={临床试验精选案例统计学解读},
  author={陈峰 and 于浩},
  publisher={临床试验精选案例统计学解读},
  year={2015},
}

@mastersthesis{吴宇玲 2021 调肠克敏方治疗IBS--D的临床试验和期中分析,  
author={吴宇玲}, 
title={调肠克敏方治疗IBS--D的临床试验和期中分析}, 
school={广州中医药大学}, 
year={2021}, 
type={硕士论文}, 
month={}, 
}

@mastersthesis{桂宏宇 2014 临床试验中的样本含量再估算及其软件实现,  
author={桂宏宇}, 
title={临床试验中的样本含量再估算及其软件实现}, 
school={东南大学}, 
year={2014}, 
type={硕士论文}, 
month={}, 
}